<?xml version="1.0" encoding="UTF-8"?><collection xmlns="http://www.loc.gov/MARC21/slim"><record><leader>00443nam--2200145-i-4500</leader><controlfield tag="001">000010674</controlfield><controlfield tag="002">20161230</controlfield><controlfield tag="005">20161230201028</controlfield><controlfield tag="008">060222s1000------------r-----000-0-eng-d</controlfield><datafield ind1=" " ind2=" " tag="080"><subfield code="a">546.41:015:612.1</subfield></datafield><datafield ind1=" " ind2=" " tag="100"><subfield code="a">Bourdeau, Agnes</subfield></datafield><datafield ind1=" " ind2=" " tag="245"><subfield code="a">Contribution a l`etude du dosage du calcium ionise dans le sang par une electrode a membra ne liquide. these</subfield></datafield><datafield ind1=" " ind2=" " tag="260"><subfield code="a">Paris, Universite Rene Dsescartes, 1972 150 P</subfield></datafield><datafield ind1=" " ind2=" " tag="490"><subfield code="a">498</subfield></datafield><datafield ind1=" " ind2=" " tag="852"><subfield code="a">38963</subfield></datafield></record></collection>